2902 5160
612 370 734 466 tus
835 488 838 496 ¹

188 576 272 679 post
288 563 487 649 *obsistam
512 560 593 662 lam
622 558 805 642 antitiste·
817 554 953 634 constat
964 584 976 652 3
990 558 996 626 i
1008 559 1157 653 primata

190 694 286 775 enim
309 687 459 780 'Vesuvii
476 688 696 787 emptiones,
711 678 751 759 ia·
767 682 900 779 quibus¹
912 678 1153 778 nrbs'rlnuqna
1187 711 1191 721 s

194 819 363 893 Solarium·
381 808 454 889 hoc
476 794 1157 898 inventum:riinouuafruefuqfhoc'
1237 818 1241 827 ·

193 963 282 1014 anno
316 938 517 1019 acciderunt
540 925 853 1005 undesseertisfime
871 922 1160 1021 constat·3·‘'Solt?¹.

197 1058 288 1133 rium
317 1057 407 1149 hoc,
444 1055 534 1127 intra
571 1072 678 1122 annos
714 1067 783 1140 725
824 1063 861 1121 et
895 1046 966 1138 830
990 1047 1034 1116 ab
1057 1045 1161 1116 Urbe

196 1174 356 1268 condita,
382 1171 484 1245 fuisse
515 1153 747 1244 fabricatum:
775 1173 875 1244 Haec
899 1164 1081 1264 temporis.
1097 1163 1157 1236 de-
1238 1218 1242 1229 .

192 1293 414 1386 terminati0,
452 1316 542 1390 quae
572 1293 679 1386 longe
711 1290 838 1365 certior
876 1286 964 1361 mihi
990 1306 1076 1383 prae
1111 1282 1157 1355 al-

191 1433 268 1492 tera
301 1413 467 1502 videtur,
500 1411 622 1507 procul
654 1410 763 1486 dubio
796 1405 1017 1488 Academicis
1042 1404 1161 1479 facem

195 1533 378 1630 praetulit,
406 1531 565 1629 mihique
588 1536 788 1630 persuasum
813 1551 887 1627 est,
914 1533 987 1606 illos
1010 1554 1056 1604 ex
1086 1551 1162 1602 me·

163 1655 339 1754 ¹moratis
370 1651 547 1748 computis
580 1651 827 1749 antiquitatem
860 1653 979 1728 Solarii
1002 1675 1075 1725 non
1100 1649 1162 1722 ἀεε

195 1770 532 1865 terminavisse,nis1
557 1769 655 1868 prius
678 1771 766 1845 certi
789 1771 926 1868 essent,
943 1774 979 1846 se
1005 1791 1163 1844 errorem

195 1912 341 1971 centum
366 1918 535 1969 annorum
560 1893 787 1968 committere
810 1895 870 1968 vix
898 1894 1008 1992 posse.

241 2023 272 2104 §.
300 2039 353 2107 25.
380 2023 502 2114 ltaque
534 2016 621 2087 haec
653 2015 824 2090 sufficiant
856 2017 902 2089 de
926 2027 1162 2088 monumento

196 2139 267 2210 hoc
301 2135 582 2232 pretiosrsfimo3
620 2136 785 2230 Quisquis
819 2149 911 2205 artes
946 2150 983 2206 et
1008 2134 1165 2207 scientias

200 2257 306 2349 colit,
334 2269 431 2328 certe
454 2252 652 2349 elegantem
673 2267 710 2325 et
736 2249 963 2325 commodam
987 2250 1090 2342 hujus
1114 2253 1165 2324 in-

196 2375 381 2452 strumenti
415 2373 584 2448 fabricam
622 2388 809 2469 agnoscet,
844 2388 1054 2472 veteresque
1092 2377 1166 2466 eJus

198 2495 397 2572 inventores
430 2493 678 2584 venerabitur,
712 2517 778 2566 nec
802 2493 926 2578 ,minus
953 2495 1076 2589 seculi,
1104 2495 1166 2595 qui

196 2617 324 2690 dicitur
349 2613 479 2706 medii,
507 2615 731 2706 Barbariem,
753 2616 994 2714 temporisque
1019 2617 1168 2690 edacita-
1220 2698 1224 2703 q

197 2753 275 2810 tem
286 2734 439 2826 dolebit,
455 2756 545 2828 quae
563 2756 627 2804 nos
647 2748 738 2805 atot
760 2734 936 2830 tantisque
958 2736 1102 2812 humani
1116 2739 1167 2815 in·

113 2844 119 2851 ⁸
199 2855 292 2952 genii
317 2871 352 2929 et
378 2851 565 2928 industriae
589 2853 830 2947 documentis,
857 2853 1059 2953 privaverit.
1109 2861 1166 2932 In-

197 2995 294 3053 terea
328 2974 537 3074 sperandum
563 2990 636 3066 est,
662 2972 850 3046 hodiernos
875 2974 991 3049 ltaliae
1016 2977 1166 3072 incolas,

198 3095 347 3171 adsiduis
383 3094 559 3169 laboribus
592 3112 628 3169 et
665 3094 783 3170 studiis
817 3092 1015 3191 indefesfis,
1056 3099 1167 3173 multa

199 3219 314 3293 adhuc
352 3220 595 3316 exploraturus
635 3222 708 3292 esse
729 3235 993 3314 monumenta,
1020 3221 1168 3306 cineres·
1220 3306 1223 3312 ,

200 3360 271 3433 quo
301 3351 338 3406 et
370 3334 496 3419 rudera
533 3338 667 3439 antiqui
699 3340 864 3435 Imperii,
890 3365 981 3439 quae
1014 3328 1167 3418 subluis

201 3457 348 3557 pedibus
370 3457 498 3552 latent,
526 3459 562 3532 in
584 3459 683 3532 illurn
707 3457 846 3556 semper
870 3452 1044 3539 honorem
1068 3465 1167 3540 habi·

200 3597 298 3655 turos
323 3580 416 3672 esse,
437 3580 498 3677 qui
521 3578 680 3653 manibus
706 3583 842 3657 Summi
856 3580 982 3682 Populi
997 3582 1167 3680 debetur3

201 3702 344 3776 Utinam
376 3719 412 3775 et
446 3702 555 3799 Angli
589 3725 629 3775 ea
660 3700 862 3797 diligentia,
905 3726 975 3801 qua
1007 3703 1166 3805 inprimis

202 3819 298 3897 urbis
333 3824 590 3923 antiquissimae
627 3823 811 3919 Palmyrae
846 3845 1077 3902 monumenta
1108 3855 1169 3906 ex·

201 3945 414 4049 posuerint,
452 3946 488 4018 in
530 3943 751 4040 explorandis
793 3943 946 4022 Orientis
985 3947 1168 4023 ruderibus

658 4064 686 4138 F
710 4083 735 4155 4
1087 4089 1165 4162 per-
