2902 5160
590 426 729 549 (5811)

170 626 401 733 erammare,
437 641 670 727 quapropter
699 621 892 699 subsisto
883 647 920 721 m
943 622 1134 721 horologii

168 751 270 857 hujus
294 750 435 835 ι’,ιιιιοιιι
455 747 534 824 satia
544 755 609 842 (ut
633 744 720 851 mihi
742 744 909 842 videtur)
921 744 1105 844 explicata
1144 782 1171 799 .

215 873 247 953 ι.
277 869 330 942 18
356 869 462 968 Quod
483 869 527 943 ad
542 871 644 957 usum
669 867 815 959 attinet,
833 867 1040 965 Horologio
1065 866 1146 969 hoc

172 1013 216 1064 ex
241 990 366 1065 annulo
392 989 554 1087 suspenso
576 990 776 1086 superficies
800 989 874 1081 ejus
896 988 1039 1083 propria
1057 1007 1137 1082 gra·

171 1112 281 1186 vitate
319 1109 567 1205 ιιιιεόιιοιιειιι
589 1109 794 1209 verticalem
827 1105 1022 1197 obtinebit,
1056 1127 1140 1175 con·
1220 1136 1227 1163 ι

54 1309 57 1315 .
171 1248 329 1307 vertatur
362 1256 491 1331 porro,
531 1190 578 1304 ita
610 1247 651 1304 ut
675 1235 801 1305 umbra
824 1255 844 1302 a
868 1229 957 1322 stylo
981 1230 1032 1302 lrc
1056 1249 1141 1324 pro·

149 1351 279 1446 jetta,
310 1349 631 1451 extremitate-*sua
654 1354 754 1427 cadat
779 1353 816 1425 ιιι
839 1349 967 1425 lineam
991 1349 1142 1424 vertica-
1249 1357 1251 1360 ’

171 1474 262 1569 lem,
289 1494 487 1573 quaecum
510 1452 590 1543 loco
613 1472 688 1547 solis
712 1472 749 1547 in
772 1470 927 1547 Zodiaco
952 1469 1140 1566 congruit,
1188 1478 1192 1485 '

172 1606 232 1665 aut
256 1591 460 1669 extremitas
485 1596 652 1689 umbrae,
679 1616 745 1690 pro
770 1593 854 1666 dato
878 1593 936 1667 die
961 1592 1145 1684 cujuslibet

174 1708 302 1786 menfi's
333 1710 424 1786 infra
456 1713 599 1811 scripti,
632 1713 742 1810 spatio
767 1713 850 1786 huic
881 1708 1037 1806 tempori
1062 1731 1146 1805 pro-

173 1830 361 1937 portionali
394 1856 414 1903 a
445 1831 603 1907 verticali
641 1832 807 1930 proxima
842 1846 1001 1924 remota,
1042 1829 1146 1927 supra

173 1953 269 2026 hunc
293 1954 451 2027 mensem
474 1953 634 2026 haereat:
649 1953 699 2045 sr,
719 1952 872 2048 exempli
895 1951 1031 2044 caussa,
1058 1950 1148 2024 hora
1175 1991 1177 1997 =

173 2073 354 2173 quaeritur
377 2074 435 2148 die
463 2093 504 2159 15
530 2070 683 2167 Aprilis,
718 2071 887 2145 Solarium
912 2071 961 2161 ita
985 2087 1038 2146 eat
1063 2096 1148 2147 con·
1201 2131 1204 2135 .

174 2194 411 2289 vertendum,
448 2204 490 2262 ut
522 2190 726 2261 extremitas
750 2191 917 2282 umbrae,
952 2191 1069 2263 media
1102 2194 1149 2265 lit

176 2311 270 2386 inter
303 2312 466 2404 tertiam,
500 2325 536 2383 et
572 2322 734 2411 quartam
757 2308 963 2383 verticalem
987 2307 1082 2408 apud
1097 2311 1147 2407 f,
1278 2366 1281 2373 .

176 2431 233 2506 cui
272 2424 382 2531 spatio
413 2429 541 2506 mensis
570 2429 702 2530 Aprilis
734 2426 947 2530 subscriptus
972 2450 1045 2528 est,
1083 2420 1160 2508 nu?
1264 2450 1268 2459 ·

176 2552 377 2627 metando
367 2569 487 2651 rtaque
501 2541 606 2627 lineas
629 2551 838 2627 transversas
863 2576 883 2624 a
905 2554 1023 2650 prima
1038 2572 1150 2630 trans

176 2673 276 2744 versa
306 2697 386 2763 em,
424 2669 558 2771 quippe
587 2675 677 2752 hora
708 2688 792 2743 oet
822 2688 863 2749 1
845 2695 928 2760 ma
949 2675 1147 2775 indicante,

178 2790 307 2869 umbra
341 2790 494 2875 mediam
526 2792 601 2869 fore
632 2793 724 2867 inter
756 2790 897 2866 tertiam
922 2809 959 2868 et
985 2813 1148 2895 quartam

179 2894 331 3025 horam,
360 2912 385 2985 sr
418 2914 462 2990 fit
486 2931 567 2988 ante
591 2913 801 3011 meridiem,
842 2913 933 2989 inter
956 2939 1087 2991 nonam
1111 2935 1169 2999 et,
1236 2964 1239 2969 -

178 3018 379 3130 decimam,
403 3037 429 3110 fi
463 3035 667 3110 meridies
654 3062 727 3132 Jam
759 3032 868 3111 fuerit
891 3029 1148 3135 praeterlapsa,

180 3159 327 3258 notabit

177 3283 258 3367 l.
290 3300 344 3373 19.
369 3246 492 3356 Horae
524 3282 687 3382 antiquae
722 3252 889 3384 tempore
915 3283 1046 3379 aestivo
1068 3303 1148 3379 nos·

179 3401 242 3478 tris
259 3399 563 3499 aequmoetialibus
585 3402 782 3499 longiores,
808 3407 985 3503 Hyberno
1009 3401 1149 3475 brevio·

178 3547 240 3625 res¹
250 3527 351 3617 sunt,
367 3523 402 3597 in
416 3521 657 3621 Aequinodtiia
671 3546 758 3617 vero
773 3550 855 3601 cum
871 3528 910 3603 iis
924 3537 1146 3619 congruunt,

181 3648 301 3749 quia,
311 3645 413 3722 sole'
403 3670 441 3752 m
464 3640 562 3717 initio
586 3649 630 3722 'W
654 3644 711 3716 vel
734 3653 779 3710 Δ
802 3647 991 3738 haerente,
1015 3642 1088 3718 dies
1108 3658 1147 3716 et

85 3844 88 3849 ,
180 3764 300 3839 noete
307 3742 454 3881 pariter
476 3765 665 3847 duodecim
688 3750 784 3847 horis
818 3766 992 3853 constant
982 3820 997 3860 ,
1026 3765 1146 3869 itaque

184 3885 337 3983 singulae
361 3888 559 4001 divisiones
568 3886 680 3963 lineae
699 3886 875 3964 verticalis
898 3884 1053 3984 mediae,
1078 3882 1146 3962 lin·
1276 3942 1282 4007 3

653 4008 683 4080 F
1009 4070 1013 4077 -
1077 4016 1173 4113 nt.
