2902 5160
610 424 634 512 t
666 428 714 516 29
738 418 752 514 l

85 663 88 669 .
117 606 119 610 ·
192 611 410 705 divulgatam
427 608 697 711 ruisse3uu1gus
721 602 869 711 autem,
887 605 1008 693 verim
1033 595 1159 697 harurl
1271 683 1275 711 ,

192 729 404 806 divisionum
428 736 601 810 rationem
625 739 806 834 ignotam,
833 739 904 829 ejus
923 755 1044 817 tamen
1062 758 1161 816 com*

193 853 300 924 moda
323 853 358 927 in
382 855 455 940 vita
473 860 679 953 communi,
708 858 971 958 actionibusque
996 850 1161 958 regundls

192 973 473 1049 animadvertens
508 981 607 1052 brevi
635 981 727 1070 illam
756 979 889 1074 ubique
923 983 1091 1075 accepit,
1124 980 1162 1054 dt
1244 1005 1247 1009 ·

192 1091 262 1187 fic,
281 1090 448 1189 neglecta
472 1093 804 1201 dillerentia„'quae
827 1098 1088 1188 inter'dieruml
1102 1101 1166 1172 oti·

193 1215 393 1309 gitudinem
418 1216 577 1310 obtinet,
604 1218 728 1293 divino
753 1227 920 1327 cujusque
944 1216 1014 1289 diei·
1038 1216 1073 1289 in
1093 1218 1161 1292 XII

191 1353 309 1433 partes
333 1336 369 1410 in
393 1340 574 1413 communi
600 1342 682 1415 abiit
708 1340 981 1430 consuetudine,
1007 1360 1073 1410 nec
1096 1332 1164 1413 mi·
1200 1371 1203 1387 ,

35 1476 37 1488 ’
126 1518 130 1523 .
191 1480 298 1552 rum,
325 1456 518 1531 differentia
542 1463 636 1534 enim
660 1461 752 1535 inter
782 1462 843 1535 has
866 1457 1102 1557 longitudines
1126 1461 1164 1535 in

189 1579 392 1674 regionibus
425 1569 658 1654 Orientalibus
683 1583 789 1677 longe
814 1582 930 1654 minor
954 1599 1026 1676 est,
1054 1584 1163 1681 quam

192 1693 230 1767 in
251 1699 552 1794 occidentalibus,
576 1701 673 1801 quod
697 1723 742 1772 ex
767 1699 1034 1796 Sphaericorum
1060 1702 1164 1776 initiis

194 1816 338 1893 constat.
389 1821 517 1918 Neque
557 1837 677 1894 tamen
718 1824 1018 1897 Astronomorum
1062 1838 1167 1919 erat,

191 1952 314 2011 contra
345 1939 435 2013 hanc
462 1943 750 2016 consuetudinem
785 1939 890 2013 semel
915 1957 1097 2038 receptam
1129 1945 1164 2016 se
1284 2006 1287 2011 .

192 2084 395 2157 opponere,
422 2065 557 2160 quippe
578 2066 676 2155 cujus
695 2083 822 2159 magna
842 2064 878 2137 in
893 2063 966 2137 vita
980 2064 1165 2139 communi

193 2197 268 2251 erat
293 2181 443 2273 utilitas,
468 2199 613 2271 contra,
640 2184 694 2252 uti
718 2198 762 2251 ex
788 2183 910 2253 solario
932 2184 1050 2254 Berofi
1065 2185 1166 2256 dein-

195 2320 279 2393 ceps
312 2297 538 2373 describendo
572 2299 713 2396 aliisque
746 2316 918 2398 apparet,
956 2300 1048 2373 illam
1085 2302 1163 2376 sunt

198 2421 330 2514 secuti,
358 2422 554 2517 senfimque
577 2420 805 2494 reddiderunt
826 2419 1089 2518 perfectiorem.
1173 2447 1175 2450 ⁴

244 2544 275 2624 l.
304 2560 357 2629 15.
384 2543 529 2638 Origine
553 2544 721 2616 horarum
746 2543 978 2639 inaequalium
1007 2566 1051 2617 ex
1081 2560 1164 2618 con-
1244 2596 1245 2600 η

193 2662 330 2751 jectum
351 2663 522 2758 probabili
547 2663 583 2734 in
606 2663 722 2734 lucem
747 2660 945 2756 protiacta,
963 2663 1026 2734 alia
1043 2685 1164 2759 quaet·

145 2784 156 2801 ⁸
197 2777 250 2849 tio
291 2779 337 2850 de
369 2781 435 2852 hac
465 2785 505 2852 re
534 2802 607 2851 non
639 2777 753 2853 minus
785 2778 932 2855 difficilis
964 2783 1163 2877 suboritur,

200 2900 356 2995 Scilicet,
375 2901 557 3000 quomodo
570 2917 707 2975 veteres
731 2899 879 2995 singulas
902 2901 962 2974 has
987 2902 1056 2976 diei
1080 2903 1176 2978 divi-v
1244 2963 1249 2979 ..

146 3002 149 3007 ’
197 3021 309 3096 fiones
322 3023 576 3120 cognoverint,
587 3020 659 3095 five
674 3018 799 3094 scirent
809 3076 821 3114 ‚
832 3038 942 3118 quota
957 3024 1043 3097 hora
1052 3029 1164 3100 esset?

195 3145 456 3244 Antiquissrmis
480 3154 585 3218 ‘certe
615 3142 836 3239 temporibus
861 3144 1041 3240 Babylonii
1067 3145 1161 3244 clep

197 3269 308 3363 sydris
331 3272 542 3359 utebantur,
565 3265 639 3338 imo
662 3288 783 3338 earum
806 3264 940 3338 mentio
966 3266 1043 3340 fieri
1067 3267 1164 3342 vide-

199 3405 260 3461 tur
272 3400 299 3481 ,‘
311 3396 499 3488 antequam
523 3386 719 3459 desolatiis
743 3384 872 3481 aliquid
896 3386 1044 3460 relatum
1069 3388 1165 3460 inve-

199 3508 333 3599 nimus3
372 3506 474 3580 Licet
513 3527 600 3577 vero
635 3504 722 3576 haec
762 3505 881 3601 opinio
913 3504 1165 3603 probabilitatis

200 3628 315 3723 specie
340 3629 374 3703 se
399 3627 646 3718 commendet,
674 3625 870 3716 existimem
893 3643 1037 3718 tamen,
1062 3629 1163 3702 usum

183 3750 410 3826 .Solariorum
446 3749 707 3847 antiquiorem,
744 3748 864 3822 saltem
900 3744 1161 3847 clepsydrarum

201 3870 275 3944 usui
307 3875 487 3971 aequalem
512 3871 642 3962 fuisse,
674 3867 817 3943 Etenim
850 3865 963 3940 omnis
993 3870 1165 3967 tempon's

198 3987 322 4066 divino
351 3989 385 4065 in
408 3987 482 4066 vita¹
504 3989 685 4071 communi
710 4013 755 4068 ex
779 3987 1019 4068 observatione
1044 3993 1162 4066 cursus

1110 4107 1162 4183 so-
