2902 5160
651 413 775 509 (36)

233 598 271 680 in
294 604 418 703 quibus
440 593 670 680 Gnomonum
695 605 829 682 mentio
853 606 941 705 liat,
966 611 1197 709 nterpretm

203 810 206 815 ¹
235 725 287 798 dis
310 727 396 818 (28).
845 744 849 751 '

282 845 313 926 l.
343 847 396 919 18.
436 849 642 924 Astronomi
673 853 797 926 nostris
828 849 1046 946 temporibus
1069 851 1198 926 eodem

234 966 487 1062 instrument0‚
513 972 702 1067 paullulum
727 972 807 1045 licet
822 987 981 1063 mutato,
1006 971 1150 1046 eosdem
1164 974 1200 1048 in

236 1090 327 1164 fines
347 1107 516 1183 utuntur,
531 1091 675 1191 ejusque
698 1092 854 1166 Historia
876 1092 981 1187 digna
1001 1109 1096 1187 erat,
1111 1117 1201 1191 quae

236 1216 281 1284 ab
304 1211 553 1284 Astronomiae
584 1228 621 1282 et
649 1210 876 1306 Antiquitatis
901 1212 1018 1306 perito
1041 1218 1201 1311 explora·
1237 1214 1240 1219 ’

234 1346 353 1425 retur3
376 1333 470 1405 lnter
500 1327 595 1401 varia
625 1329 823 1421 hujusmodi
855 1330 1084 1406 instrumenta·
1106 1333 1201 1430 apud

234 1469 394 1544 veteres,
406 1450 480 1542 illa,
494 1473 584 1547 quae
608 1452 658 1523 ab·
675 1450 957 1551 Anaximandro,
975 1456 1200 1551 Pherecyde‚

236 1588 279 1647 et
306 1578 458 1647 Metone
489 1571 687 1647 construcla
718 1573 886 1669 fuerunt,
927 1598 1012 1672 prae
1035 1576 1106 1650 aliis
1131 1577 1203 1649 lau-

236 1693 394 1788 dantur,
430 1695 592 1770 omnium
635 1709 755 1772 tam'en
795 1696 1002 1796 praecipuus
1046 1694 1112 1770 fuit
1150 1698 1205 1772 ille

235 1814 438 1906 Gnomon'5
485 1841 594 1912 quem
649 1822 831 1910 Augustus
874 1808 1017 1887 Romae
1058 1816 1202 1887 erexit:

236 1933 446 2007 Ammianus
471 1932 696 2007 Marcellinus
716 1937 790 2026 (29)
816 1934 862 2007 ait
888 1988 915 2025 ,,
932 1933 1099 2007 obeliscos
1114 1932 1202 2006 duos

229 2076 264 2151 ²„
293 2057 342 2127 alo
375 2051 638 2149 Hierapolitana
679 2053 831 2127 Civitate
869 2056 1078 2149 (Augustus)
1110 2073 1205 2128 tran·

237 2233 265 2274 ‚‚
292 2177 385 2252 stulit
417 2173 624 2272 Aegyptia,
675 2196 829 2269 quorum
878 2188 969 2246 unus
1013 2172 1049 2246 in
1099 2175 1205 2248 Circo

239 2351 267 2392 5,
294 2296 481 2387 Maximo,
507 2295 594 2365 alter
624 2293 660 2364 in
693 2293 833 2390 Campo
865 2295 997 2366 locatus
1030 2312 1081 2368 est
1106 2299 1207 2370 Mar-

240 2473 268 2511 „
295 2420 365 2505 ti03
398 2415 443 2483 de
475 2413 671 2506 posteriore
701 2410 760 2479 illo
784 2426 933 2481 testatur
955 2415 1084 2486 Plinius
1106 2422 1205 2506 (30):

227 2589 268 2632 ·„
294 2533 359 2626 Ei,
385 2530 445 2629 qui
470 2531 519 2604 est
544 2528 579 2603 in
607 2529 745 2624 Campo
770 2527 907 2601 Martio
928 2529 1007 2604 Div.
1028 2533 1208 2630 Augustus

240 2653 491 2755 „mirabilem
524 2649 655 2725 addidit
686 2651 788 2725 usum
821 2651 865 2724 ad
897 2652 1205 2751 deprehendendas

241 2838 271 2876 „
298 2779 373 2854 l'olis
397 2781 562 2868 umbras,
598 2774 806 2871 dierumque
831 2799 870 2848 ac
893 2774 1051 2849 noctium
1075 2777 1209 2873 magni-

244 2957 271 2996 „
299 2900 464 2989 moines,
498 2895 605 2966 strato
628 2894 743 2993 lapide
764 2896 810 2968 ad
833 2897 974 2970 obelisci
1000 2900 1210 2992 magnitudi-

243 3075 275 3116 „.
298 3043 410 3110 nem,
443 3015 500 3087 cui
532 3039 595 3111 par
627 3014 730 3119 fieret
754 3018 879 3089 umbra
903 3020 1042 3090 Rornae
1066 3018 1140 3110 [vel
1164 3044 1209 3092 ex

246 3197 274 3237 ‚,
302 3138 546 3221 emendatione
578 3135 728 3208 Salmasii
750 3138 791 3209 E.
817 3137 854 3207 P.
881 3158 915 3231 p.
942 3134 1042 3229 639]
1067 3190 1094 3229 ‚,
1123 3140 1211 3211 Bru·

248 3319 277 3361 „
304 3285 386 3335 mae
397 3257 557 3355 confecia
571 3258 628 3332 die
644 3257 731 3330 hora
750 3253 865 3346 lexta3
882 3270 917 3328 et
926 3256 1043 3354 paullo
1059 3257 1137 3354 post
1152 3260 1211 3332 ad·

423 3404 426 3409 ·
1160 3381 1211 3454 dit

291 3597 364 3676 (28)
383 3589 510 3655 Zuzzeri'
522 3590 608 3649 d’una
626 3588 720 3647 antica
730 3584 813 3665 vila,
829 3583 915 3643 ed’un
930 3585 1056 3660 orologio
1071 3584 1150 3646 asule
1160 3587 1213 3648 &o

254 3696 285 3756 in
310 3698 413 3752 Vener.
448 3692 526 3767 1746.
541 3684 544 3689 ’
562 3682 692 3763 inprimis
714 3684 842 3743 videatur
869 3684 991 3744 Martini
1016 3684 1079 3746 diss.
1108 3685 1216 3765 saepius

252 3798 385 3868 laudata,
405 3808 434 3852 et
452 3788 585 3863 Ernesti,
602 3782 759 3844 dissertatio
775 3784 811 3841 de
830 3785 948 3844 solariis

291 3911 364 3992 (αφ)
385 3911 558 3970 Ammianus
575 3903 757 3965 Marcellinus
774 3900 821 3958 lib.
844 3917 877 3975 17
905 3899 973 3977 Cap.
993 3920 1020 3978 4
1075 3986 1078 3993 Ι

294 4025 368 4106 (30)
386 4022 494 4082 Plinio
511 4023 584 4081 Hise
604 4021 675 4082 Nat.
693 4017 742 4076 lib.
762 4020 807 4094 3⁶·
826 4011 895 4090 Cap.
917 4029 960 4073 10.
