2902 5160
665 414 784 519 (32)

190 613 193 621 '
237 604 369 711 ubique
392 608 428 684 in
453 608 598 686 Oriente
613 610 657 684 ad
687 611 787 685 usum
813 607 994 709 publicum
1019 620 1117 687 erant
1141 625 1203 685 ert*

235 733 379 829 strudi,
414 756 525 832 quum
550 730 585 804 in
619 731 813 806 Occidente
836 758 907 806 non
925 731 1021 826 alia,
1051 712 1125 833 nin
1139 757 1209 826 ea,-

237 876 346 953 quam
360 855 525 949 diximus,
543 850 664 928 divifio
684 851 856 947 temporis
879 850 1061 944 matutini,
1075 854 1202 946 medii,

236 988 273 1047 et
296 975 484 1072 vespertini
508 975 543 1048 in
567 973 630 1047 usu
656 972 753 1046 esset.
803 975 859 1047 Ex
892 996 972 1045 mea
995 971 1103 1068 igitur
1127 998 1205 1071 opi·

235 1091 341 1165 trione
357 1095 524 1167 Solarium
540 1094 771 1169 Horizontale
789 1095 878 1190 stylo
903 1094 1179 1191 perpendiculari
1192 1140 1211 1189 ‚-

237 1216 334 1306 cujus
370 1211 534 1307 deinceps
579 1217 665 1308 Cap.
697 1218 752 1285 IV
792 1210 942 1282 rationes
975 1213 1208 1285 Mathemati-

213 1344 216 1349 '
238 1355 296 1404 cas
324 1352 573 1429 exponemus,
607 1329 768 1402 omnium
804 1328 871 1401 fuit
903 1330 1204 1429 antiquissimume

209 1455 368 1526 -Fateor
394 1451 567 1549 quidem,
601 1475 661 1525 me
705 1475 751 1525 ex
792 1467 955 1524 veterum
1002 1452 1208 1526 testimoniis

143 1630 146 1636 .
238 1573 341 1666 hujus
387 1573 524 1669 generis
556 1575 761 1672 exemplum
795 1593 866 1646 non
901 1575 1002 1670 posse
1047 1573 1209 1672 proferre

238 1709 381 1789 praeter
399 1693 606 1791 Pelecinon,
626 1722 645 1769 a
662 1692 831 1771 Vitruvio
846 1694 1047 1792 laudatum,
1066 1699 1112 1771 de
1137 1718 1210 1796 quo

237 1808 332 1881 infra
357 1812 443 1906 Cap.
478 1820 537 1887 III.
573 1819 759 1905 dicemus,
793 1815 934 1884 interim
963 1817 1124 1906 suspicari
1149 1839 1208 1883 au·

238 1915 331 2022 dee,
364 1929 389 2001 fi
423 1953 595 2027 umquam
633 1929 814 2022 Orientis,
840 1931 1068 2028 urbiumque
1103 1931 1209 2002 Afrae

238 2049 408 2125 nobilium
443 2050 600 2142 rudera,
643 2051 768 2122 eadem
807 2037 985 2148 diligentia
1024 2051 1208 2148 exploren-

239 2188 323 2266 tur,
352 2195 422 2268 qua
454 2171 571 2244 Italiae
615 2188 649 2244 et
684 2174 850 2247 Graeciae
875 2186 1129 2264 monumenta,
1156 2170 1211 2241 illa

245 2321 310 2369 nos
338 2295 383 2367 de
408 2296 474 2367 hac
498 2316 538 2365 re
563 2293 731 2364 certiores
756 2293 935 2366 redditura
960 2293 1040 2364 esse.

288 2419 317 2508 §.
349 2435 402 2503 17.
428 2418 633 2505 Antequam
670 2420 789 2482 autern
823 2415 865 2483 ad
893 2412 1084 2484 Historiam
1122 2415 1212 2485 Sola-

242 2531 378 2606 riorum
392 2529 575 2621 accedam,
603 2516 820 2605 mentionem
843 2531 959 2604 facere
984 2555 1053 2623 me¹
1066 2549 1211 2629 oportet

244 2656 290 2728 de
315 2653 544 2727 instrumento
575 2650 750 2747 quodam,
784 2636 881 2750 quod
906 2651 1038 2751 saepius
1070 2658 1113 2727 ab
1137 2657 1213 2726 An-

121 2808 127 2819 ·
244 2775 401 2874 tiquariis
426 2799 509 2848 cum
523 2774 672 2865 Solaria,
698 2791 732 2846 at
761 2799 969 2871 perperam,
985 2772 1212 2850 confunditur

243 2901 374 2974 -scilicet
397 2914 522 2978 Γνωμων
533 2896 588 2966 vel
608 2899 831 2985 H‘rorp‘mov:
857 2897 917 2968 Ab
943 2895 1210 2989 antiquisfimis,

148 2998 151 3003 ’
243 3016 466 3115 temporibus
498 3016 622 3090 indicia
654 3016 785 3090 reditus
817 3015 893 3088 solis
925 3015 968 3086 ad
1001 3015 1152 3087 eundem
1178 3015 1214 3087 in

247 3141 351 3214 coelis
383 3139 500 3212 locum
532 3163 578 3211 ex
611 3136 745 3209 umbris
779 3136 968 3224 arborum,
1003 3148 1212 3225 antrorum,

247 3263 304 3336 vel
327 3261 546 3356 templorum
571 3258 711 3354 sumpta
737 3253 905 3346 fuerunt,
933 3252 1026 3325 unde
1053 3278 1212 3350 gnomon

247 3386 371 3481 procul
387 3382 495 3456 dubio
511 3380 687 3476 originem
702 3376 820 3451 traxit.
831 3381 905 3468 (22)
921 3375 998 3449 Indi
1011 3393 1046 3449 et
1063 3377 1214 3449 Chinen-
1236 3440 1237 3445 ,

1162 3496 1213 3566 ses

285 3708 357 3789 (aa)
377 3711 496 3770 Hetrod.
516 3726 541 3770 a·
558 3725 585 3771 rt.
601 3733 616 3773 r
635 3719 698 3763 vers
717 3720 776 3780 4⁴9·
798 3717 827 3762 et
847 3708 909 3779 569·

323 3811 469 3872 Homerus
488 3823 532 3875 os·
548 3817 569 3870 a.
593 3822 652 3866 vers
671 3822 734 3882 402.
756 3805 834 3864 hisce
854 3808 984 3866 verfibus.

376 3914 459 3967 Νῆσός
477 3915 514 3970 τῖς
531 3910 599 3972 Σύμη
616 3908 781 3966 κικλήσκεται
797 3908 865 3972 [darre
883 3907 977 3973 ὰκέεις]

373 3994 505 4065 Jogmt‘te
520 3994 699 4064 καθῦπιςθιν,
716 3998 760 4052 dds
774 3999 865 4067 agnai
882 3995 973 4059 ireddere
990 4014 1014 4050 x·
1030 4009 1086 4065 aa·

1121 4079 1211 4139 Scho-

1131 4330 1147 4362 Γ
