2902 5160
523 368 526 375 ‚
642 410 817 553 'taor

233 641 323 719 net,
357 625 435 723 plus
465 623 578 699 minus
603 651 623 700 a
646 629 783 703 calculo
812 629 890 704 sunt
919 625 1092 725 dlversae,
1124 629 1198 704 imo
1290 674 1292 679 ·

234 769 281 838 ex
303 744 499 843 aequalibus
523 772 642 820 earum
664 745 864 823 differentiis
882 746 981 823 facile
1002 749 1198 846 colligitur,

128 910 131 920 ·
235 869 338 965 posse
372 865 485 942 forsan
510 868 633 971 alieubi
666 867 894 969 discrimena
928 869 1059 942 calculo
1090 869 1211 948 unita.

120 979 123 991 ’
235 1003 313 1063 tem
346 991 535 1088 superare,
569 1012 687 1086 neque
718 987 838 1064 tamen
871 990 1051 1065 auctorem
1091 984 1203 1088 impe-

170 1204 174 1215 ·
235 1108 336 1183 ritiae
363 1110 562 1205 accusabit,
599 1111 660 1206 qui
694 1111 967 1204 animadvertit,
1001 1128 1083 1186 turn
1110 1115 1203 1188 illam

235 1229 275 1304 in
299 1233 401 1303 usum
431 1229 639 1302 rusticorum
672 1233 777 1304 fuisse
810 1231 1015 1326 exaratam,
1049 1257 1204 1329 quorum

236 1374 310 1424 non
338 1350 459 1446 magni·
484 1350 649 1427 intererat
679 1351 910 1424 differentiam
943 1351 1136 1446 semihorae
1168 1353 1204 1426 in

237 1471 435 1546 domesticis
472 1472 680 1572 peragendis
712 1471 861 1568 negotiis
899 1472 1029 1545 habere
1064 1475 1204 1572 perspe-

239 1593 364 1690 slam,
404 1611 482 1669 tum
513 1620 601 1670 vero
634 1619 679 1668 ex
719 1593 852 1692 aequali
893 1594 1085 1670 differentia
1123 1597 1206 1671 illud

239 1718 471 1792 commodum
500 1718 613 1811 orin‘,
651 1713 747 1813 quod
784 1714 900 1788 tabula
936 1717 1073 1817 integra
1109 1718 1208 1793 facile

238 1839 436 1910 memoriae
457 1839 710 1928 mandaretur,
746 1851 786 1906 ut
814 1835 863 1906 ita
893 1836 1067 1933 quisque,
1101 1839 1207 1910 etiam

240 1957 539 2055 imperitissimus,
565 1980 605 2027 ea
627 1954 679 2027 uti
701 1952 826 2049 posset.

289 2083 320 2164 §-
355 2080 387 2152 8.
423 2078 588 2151 Vidimus
612 2073 641 2169 §.
666 2094 687 2181 5
701 2130 712 2167 ,
737 2074 886 2171 stylum,
913 2103 933 2150 a
959 2078 1108 2152 Palladio
1140 2077 1207 2154 tisr-

215 2214 394 2294 tatum,
429 2197 539 2272 altum
570 2196 674 2271 fuisse
709 2198 864 2296 quinque
895 2201 1028 2297 pedes,
1051 2201 1209 2288 ‚altitudo

240 2320 354 2412 haee,
388 2319 469 2392 licet
494 2343 565 2392 non
588 2320 711 2392 exodio
735 2342 818 2390 cum
845 2320 1025 2392 altitudine
1055 2324 1213 2420 corporis

242 2441 388 2514 humani
408 2453 600 2532 congruat,
628 2439 671 2519 ab
696 2458 737 2506 ea
760 2452 836 2508 tam·
859 2460 986 2532 parum
1007 2441 1142 2534 differt,
1170 2460 1210 2515 ut

240 2577 321 2635 tuto
346 2582 414 2658 pro
429 2558 483 2632 illa
506 2557 630 2631 assumi
654 2556 804 2654 poterit,
829 2556 856 2631 si
882 2570 1003 2629 autem
1019 2557 1126 2653 pedes
1146 2559 1211 2632 hos
1319 2649 1320 2653 Ἰ
1373 2546 1377 2552 ’

244 2708 329 2756 cum
351 2681 443 2780 pe'de
460 2681 616 2754 humano
632 2702 828 2776 congruere
845 2680 1077 2774 assumamus,
1097 2679 1211 2779 ipsum

245 2810 374 2902 corpus
406 2802 484 2897 styli
519 2804 596 2873 loco
637 2801 719 2891 est,
756 2819 792 2874 et
826 2802 916 2877 facili
948 2803 1056 2876 modo
1089 2828 1135 2878 ex
1169 2830 1213 2877 eo

245 2934 335 3002 hora
359 2919 659 3016 cognoscebatur,
686 2918 812 2993 seilicet
844 2922 1051 3017 unicuique,
1088 2923 1213 2994 horam

246 3043 460 3146 'cognoscere
504 3037 688 3136 cupienti,
738 3045 892 3136 umbra,
936 3064 1044 3153 quam
1084 3026 1212 3139 corpus

118 3208 121 3219 =
246 3168 429 3272 projiciat,
468 3161 615 3258 pedibus
647 3159 823 3234 metienda
852 3162 928 3256 est,
960 3161 1098 3236 eahae
1127 3186 1214 3235 vero

250 3291 411 3369 mensura
435 3306 501 3382 pro
526 3304 669 3380 quoque
693 3279 811 3354 mense
835 3280 921 3354 hora
945 3305 989 3354 ex
1016 3281 1131 3354 tabula
1156 3282 1216 3356 de-

253 3409 451 3516 promitur3
483 3406 566 3477 hinc
597 3403 784 3478 verisimile
815 3402 882 3495 lit,
917 3401 1107 3502 antiquitus
1139 3428 1217 3478 cor-

192 3616 195 3627 ,
252 3560 321 3631 pus
355 3534 548 3614 humanum
581 3550 647 3622 pro
687 3525 775 3622 stylo
807 3525 966 3599 habitum
1000 3526 1131 3619 fuisse,
1171 3550 1216 3602 ex

134 3679 138 3689 ·
255 3677 328 3756 quo
342 3650 489 3723 umbrae
509 3666 573 3742 20,
597 3664 660 3737 12,
691 3664 735 3716 10
757 3645 813 3716 vel
835 3644 857 3714 6
880 3646 1013 3740 pedum
1034 3662 1217 3743 computa-

254 3764 411 3864 bantur,
447 3770 538 3844 nulla
560 3763 655 3838 enim
681 3759 822 3835 facilior·
837 3764 997 3837 mensura
1020 3765 1219 3860 invenitur,

259 3904 350 3996 quae
374 3873 475 3965 simul
500 3914 566 3990 pro
590 3886 753 3960 omnibus
776 3884 860 3997 locis
885 3885 1008 3960 eadem
1032 3906 1068 3963 et
1088 3891 1218 3989 ubique

259 4007 401 4117 cognita
417 4029 518 4088 erat:
545 4014 687 4085 Praeter
718 4007 788 4081 hoc
816 4027 1087 4106 argumentum,
1121 4005 1218 4105 quod
1339 4072 1343 4081 .

269 4168 289 4179 ..
555 4166 561 4176 .
1108 4164 1112 4173 ,
1155 4145 1218 4202 ΠΗ,
