2902 5160
644 468 648 483 .
727 394 850 500 (rot
979 419 986 433 ‘

304 580 385 672 solis
416 576 556 688 diurni,
579 608 620 668 ut
644 582 747 689 pote*
763 597 938 694 facillimi,
970 614 1007 672 et
1032 599 1094 697 qui
1118 587 1271 676 maxime

232 735 235 742 ·
304 712 344 791 in
366 717 486 790 oculos
509 713 674 812 incurrit,
691 715 866 813 originem
894 719 981 792 mihi
1009 719 1152 794 traxisse
1177 720 1272 796 ride

304 853 386 932 tur,
401 853 467 913 nec
491 837 790 932 credo,homines
814 839 915 914 facile
938 840 983 914 ad
1007 841 1158 938 aliquam
1182 854 1274 916 tem-³
1386 836 1394 898 ἶ

303 959 403 1060 poris
428 960 627 1035 mensuram
647 958 868 1060 pervenisse,
904 960 967 1034 nisi
993 985 1038 1034 ex
1062 960 1275 1058 phaenome-
1371 955 1376 965 ’

303 1079 358 1154 nis
382 1079 480 1175 solis,
499 1081 657 1180 lucisque
683 1097 719 1156 et
743 1086 892 1157 umbrae
916 1081 1136 1155 incremento
1161 1099 1196 1159 et
1217 1083 1277 1155 de·

303 1216 510 1293 cremento,
544 1205 842 1298 qualemcumque
873 1200 944 1272 diei
974 1198 1182 1302 divisionem
1215 1203 1277 1274 de·

304 1321 581 1419 prehendissent.

313 1535 316 1542 Ι
355 1447 387 1529 §-
416 1444 469 1517 16.
506 1431 815 1543 Interimqformae
847 1428 1106 1543 antiquissimae
1130 1438 1276 1514 Solariw

305 1584 388 1636 rum
419 1563 554 1637 nullum
587 1580 860 1640 monumentum
891 1560 935 1640 ad
964 1578 1087 1638 nostra
1111 1572 1277 1661 tempora

175 1660 180 1685 ι’
306 1684 494 1779 pervenit,
522 1687 690 1762 Solarium
715 1689 811 1762 enirn
835 1687 933 1785 quod
947 1686 1095 1762 Berosus
1112 1711 1157 1758 ex
1175 1686 1279 1759 Chal*

306 1803 393 1884 daea
418 1805 454 1879 in
470 1809 658 1882 Graeciam
683 1806 817 1903 primus
841 1806 964 1896 duxit,
988 1807 1140 1901 (dequo
1160 1807 1276 1877 statim

307 1947 527 2023 exponemus
541 1932 569 2020 ,)
604 1927 884 2026 antiquissimum
910 1923 1039 2018 fuisse,
1065 1925 1126 1999 vix
1151 1925 1276 1999 assumi

306 2065 453 2146 potest,
492 2051 659 2147 quoniam
696 2050 741 2131 ad
773 2052 854 2153 ejus¹
881 2045 1051 2121 fabricam
1084 2047 1276 2145 requiritur

306 2170 433 2244 notitia
464 2170 509 2244 de
547 2192 662 2244 annuo
695 2169 772 2244 solis
805 2195 870 2267 per
906 2170 1118 2267 Eclipticam
1148 2184 1275 2260 motu,

180 2288 197 2307 ⁴
307 2291 492 2366 altitudine
515 2292 615 2383 Poli,
648 2305 684 2365 et
717 2289 899 2362 elementis
924 2291 1006 2363 artis
1030 2291 1276 2389 projedlionis,

307 2439 400 2510 quae
424 2432 544 2488 tamen
568 2411 687 2483 omnia
709 2409 745 2480 in
772 2409 903 2481 artium
928 2407 1072 2480 infantia
1092 2414 1166 2502 jam
1191 2437 1277 2507 cog-⁸

307 2533 382 2606 nita
415 2531 565 2632 supponi
590 2531 651 2606 vix
676 2530 831 2627 possunt.-
883 2527 1044 2602 Primum
1069 2525 1278 2602 instrumem

307 2666 408 2748 tum,
422 2634 494 2750 quo
517 2650 703 2738 divillones
723 2651 792 2725 diei
806 2649 1182 2750 deprehendebantur,
1194 2670 1277 2747 pro'··

309 2778 366 2852 cul
390 2774 499 2849 dubio
521 2777 628 2870 longe
652 2793 725 2848 erat
750 2773 1064 2873 fimplicissrmum3
1085 2798 1202 2872 neque
1228 2789 1279 2848 ta*

264 2886 268 2894 ⁸
310 2921 394 2973 rnen
420 2896 506 2994 quid
536 2885 725 2989 simplicius
758 2899 831 2998 esse
862 2911 1004 2990 potest,
1039 2920 1146 2992 quam
1171 2895 1279 2988 stylus

308 3016 628 3123 perpendicularis,
655 3015 751 3106 cujus
774 3016 902 3087 umbra
926 3015 962 3088 in
984 3016 1089 3111 plano
1113 3012 1279 3085 horizon-⁶

215 3148 217 3152 ⁴
309 3145 370 3222 tali
395 3139 663 3240 projiciebatur,
702 3137 828 3210 harum
852 3139 947 3211 enim
971 3138 1180 3210 umbrarum
1203 3131 1277 3204 lon-

310 3265 487 3364 gitudines
510 3274 650 3336 tantum
675 3271 773 3330 erant
790 3257 1049 3351 observandae,
1067 3270 1102 3351 et
1118 3252 1278 3354 repetitis

309 3384 612 3465 observationibus
635 3380 670 3455 in
694 3381 848 3480 aliquot,
874 3381 927 3457 uti
948 3380 1028 3474 sex,
1047 3394 1166 3477 partes
1188 3374 1276 3448 divia
1301 3388 1304 3407 ·

310 3512 467 3604 dandae,
494 3505 619 3606 quibus
642 3505 679 3579 in
695 3506 780 3582 *area
804 3501 1011 3582 horizontali
1036 3499 1164 3573 notatis
1187 3496 1280 3568 Sola¹

312 3630 427 3722 rium,
450 3626 690 3728 quamtumvis
714 3626 803 3700 rude
828 3642 863 3697 et
889 3625 1035 3698 minime
1050 3618 1275 3722 persedum,
1306 3697 1309 3703 ,

312 3750 553 3826 construdlum
592 3763 666 3822 erat
712 3767 756 3821 cx
790 3745 866 3820 solis
900 3733 1200 3820 observationibus
1233 3743 1280 3814 ab

311 3893 528 3969 unoquoque
552 3870 652 3946 facile
666 3865 901 3962 instituendis,
929 3886 1043 3966 neque
1072 3867 1140 3957 ulla
1154 3863 1277 3939 notitia

313 3995 362 4075 de
375 4010 478 4072 motu
493 3993 852 4096 solisquclipticarn,
863 3991 1044 4071 altitudine
1056 3988 1150 4084 Poli,
1163 3986 1277 4063 aliisve

1229 4122 1277 4189 CK
