2902 5160
428 444 433 476 ι
617 400 740 490 ιιι)

194 600 337 700 qnando
366 596 412 667 de
424 587 665 693 longitudine
691 587 916 696 umbrarum
926 585 1041 661 sermo
1065 603 1163 683 erat,

195 720 264 798 Hi
283 743 390 812 vero,
415 713 552 819 nullibi
572 736 617 786 ex
653 706 817 808 professo
843 709 894 781 de
906 707 985 795 hoc
1019 708 1162 809 antique

195 839 453 919 consuetudine
476 810 691 935 loquuntur,
723 829 783 906 sed
816 845 955 904 tantum
994 827 1134 928 quasr
1125 853 1162 904 m

195 961 362 1057 transitu,
388 976 428 1055 ut
454 958 499 1031 de
518 981 563 1028 re
579 952 773 1057 quadam
764 977 805 1034 ιιι
810 951 950 1043 vulgus
975 947 1067 1024 nota.
1102 947 1163 1033 Ad
1190 991 1193 997 ·
1221 990 1235 1041 χ

197 1076 327 1174 stylum
363 1089 483 1159 autem
515 1074 613 1173 quod
644 1072 774 1175 refert,
821 1066 1076 1168 verlsrmrle,
1068 1093 1164 1163 nno,

194 1194 249 1279 uti
278 1194 441 1291 deinceps
476 1195 633 1294 patebit,
666 1195 743 1268 satis
768 1212 906 1269 certum
939 1188 1013 1288 est,
1047 1189 1163 1290 hamc,

194 1317 288 1398 hisce
312 1315 557 1415 temporibus,
583 1317 740 1415 primum
766 1313 911 1415 quidem
936 1311 1030 1410 apud
1053 1313 1163 1389 Grae—

192 1463 276 1537 eos,
308 1438 388 1513 dein
413 1435 507 1536 apud
531 1439 737 1530 Romanos,
762 1432 951 1533 altitudinis
978 1429 1082 1508 fuisse
1104 1429 1166 1502 de*
1235 1503 1238 1508 .

194 1557 402 1660 terminatae
416 1614 427 1654 ‚
455 1582 546 1663 quae
567 1584 635 1654 pro
647 1557 810 1633 omnibus
824 1555 1025 1652 regionibus
1039 1551 1165 1657 eadem

198 1693 235 1751 et
267 1677 424 1766 constans
458 1676 546 1773 fuit,
582 1682 699 1778 quod,
734 1676 866 1773 etiamfi
899 1674 1046 1749 omnino
1079 1674 1167 1773 relos

196 1798 308 1893 tiones
332 1813 496 1891 veterum
520 1801 733 1889 deficerent,
736 1819 787 1869 ex
813 1795 863 1869 rei
888 1794 994 1895 ipsius
1017 1811 1164 1892 natura,

193 1941 287 2018 quae
317 1917 503 2025 cognitum
534 1919 721 2024 ubique,
715 1932 751 1990 et
784 1913 1002 1999 constantem
1034 1915 1164 2017 stylum

192 2040 417 2138 postulant,
425 2037 604 2116 conficere
637 2012 828 2136 possemus.
877 2037 1025 2118 lnterirn
1057 2038 1166 2116 hodie

194 2183 287 2237 non
291 2161 341 2233 ita
364 2158 464 2232 facile
485 2132 624 2257 videtin
641 2154 897 2248 determinatu,
923 2175 1055 2253 quanta
1078 2161 1166 2235 haec
1285 2204 1287 2209 ·

191 2278 276 2375 styli
298 2275 445 2353 altitudo
471 2271 600 2368 suerit,
628 2271 829 2369 Salmasius,
847 2274 1027 2372 Betavius,
1040 2277 1167 2376 aliique

156 2425 159 2431 ’
196 2396 307 2472 multa
341 2395 387 2472 de
418 2394 484 2489 hoc
518 2416 565 2466 re.
585 2393 837 2495 disputarunt,
869 2419 925 2469 res
956 2411 1100 2490 tamen,
1137 2397 1163 2473 fi

192 2512 362 2619 judicium
397 2511 623 2613 interponere
653 2513 785 2611 liceat,
824 2517 971 2593 minime
1004 2517 1166 2600 confecta

197 2631 485 2738 mihi'videtur,
501 2622 752 2730 argumentum
792 2635 889 2732 quod
919 2637 1054 2737 tracto,
1084 2663 1184 2740 pos-³

196 2735 310 2861 tulare
324 2749 464 2884 videtur
483 2750 586 2840 hujus
602 2750 654 2823 rei
672 2752 962 2851 explicationem,
987 2779 1165 2858 quaprop-

198 2887 255 2953 ter
263 2870 448 2981 ,inprimis
470 2894 516 2949 ex
541 2875 760 2953 memorabili
785 2877 940 2999 quodam
956 2902 1164 2959 monumen—

190 3011 277 3126 to,
283 2994 326 3074 ad
345 2994 449 3095 quod
472 2992 632 3095 plerique
655 2995 783 3077 eruditi
807 2999 977 3074 nonsatis
1007 3003 1166 3098 attendet

190 3094 302 3209 bunt,
336 3115 390 3199 uti
421 3139 466 3193 en
505 3113 576 3189 aliis
608 3115 912 3223 circumstantiis,
929 3119 1074 3219 quidm
1098 3125 1165 3204 hac

198 3264 239 3351 re
261 3257 400 3316 certum
423 3235 604 3330 videatur,
630 3233 878 3345 determinare
893 3248 1058 3320 conabor.

189 3445 195 3453 ,
223 3342 277 3446 5
313 3379 345 3449 5.
378 3365 661 3467 Monumentum
693 3356 805 3431 hoc
796 3365 972 3442 invenitur
996 3369 1032 3442 in
1056 3392 1166 3464 opere

200 3481 361 3576 Palladii,
388 3461 538 3556 annonis
571 3478 675 3552 seculi
699 3479 839 3584 quinti,
865 3486 911 3562 de
933 3511 973 3562 re
997 3488 1167 3586 Rustica,
1233 3496 1237 3503 '

200 3602 344 3680 exhibet
391 3597 649 3711 longitudinem
695 3607 842 3682 umbrae
891 3607 1031 3703 singulis
1070 3614 1165 3693 horis
1263 3622 1267 3629 '

193 3746 268 3831 .P.s⁰
292 3750 436 3829 quoque
459 3726 599 3835 morse,
617 3749 778 3824 quaeque
802 3725 884 3817 dies
902 3747 945 3800 12
961 3730 1055 3806 horis
1071 3734 1165 3845 apud

201 3866 284 3918 eum
309 3847 470 3941 constat,
486 3873 602 3947 neque
626 3850 691 3922 hae
717 3850 794 3922 sunt
811 3850 1076 3949 aequinoeiiales
1101 3882 1165 3956 qu,-

161 3965 270 4059 .‚ales
318 3987 381 4047 nos
431 3967 626 4073 habemus,
676 3967 735 4048 sed
775 3997 914 4068 nequies,
935 3973 1162 4075 inaequaleq,

1079 4116 1166 4191 qno
