2902 5160
531 386 720 509 με)
842 395 844 399 ‘

101 652 103 673 ι
178 613 324 712 quidem
357 607 526 706 Josephus
559 606 650 682 inter
683 604 770 700 duos
803 607 874 680 hos'
901 627 974 683 non
1010 609 1144 709 ubique

179 728 258 803 satis
293 725 513 824 distinxerit,
550 727 610 824 id,
638 727 735 826 quod
772 728 920 826 antiquis
944 730 1144 807 auctoribus

178 849 311 948 saepius
335 849 580 929 acciditz-‘ssfi
596 849 748 949 denique
766 848 810 922 ad
835 851 1065 952 Herodotum
1087 877 1144 927 re-

177 989 388 1068 vertamur,
415 997 483 1046 res
512 971 700 1063 dijudicatu
732 968 877 1042 omnino
912 970 1016 1044 fau'lis
1048 971 1147 1049 vide-

179 1110 258 1189 tur,
285 1091 551 1189 constabitque,
577 1092 719 1190 quinam
733 1115 778 1164 ex
795 1091 848 1164 his
872 1087 1030 1182 duobus,
1054 1076 1149 1162 Sola-

178 1216 313 1288 riorum
337 1214 499 1287 inventor
523 1212 702 1285 habendus
724 1210 787 1304 fit,
813 1207 1042 1282 Herodotum
1065 1207 1148 1282 His—
1252 1280 1254 1286 ,
1368 1252 1371 1258 ψ

178 1335 306 1411 toriam
342 1336 439 1409 suam
475 1330 744 1429 conscripsrsse,
782 1351 824 1402 ac
859 1327 1147 1404 in·'Graec01um
1178 1349 1180 1360 ·

178 1457 337 1532 coetibus
382 1455 616 1551 praelexisse,
663 1453 756 1524 circa
803 1450 957 1548 Olymp„
987 1451 1148 1526 LXXXI

180 1578 270 1650 anno
302 1591 382 1652 ante
413 1592 570 1651 nostram
607 1596 722 1648 aeram
748 1591 843 1667 450,
885 1569 1041 1664 constat,
1065 1570 1149 1644 hinc

180 1697 373 1780 certissrme
395 1695 591 1792 colligitur,
617 1693 851 1788 Babylonium
875 1691 994 1783 illum,
1010 1689 1056 1760 de
1073 1710 1148 1786 quo

138 1873 141 1878 .
179 1817 289 1889 habet
322 1806 613 1909 Herodotus,'et
639 1814 699 1911 qui
724 1815 847 1911 procul
870 1811 979 1884 dubio
1004 1813 1152 1887 Berosus

180 1934 269 2029 fuit,
306 1937 496 2012 Herodoto
526 1934 638 2011 'fuisse
664 1929 922 2033 antiquiorem,
948 1934 1010 2009 nisr
1035 1934 1152 2010 firrsan
1277 1977 1308 2015 ,-

185 2057 347 2153 suspicari
371 2058 448 2156 quis
473 2056 622 2149 audeat,
648 2057 877 2131 Herodotum
902 2060 1055 2133 Graecos
1071 2079 1151 2132 om-
1253 2120 1255 2125 ,

182 2202 244 2250 nes
269 2194 392 2271 aperte
417 2177 535 2250 fallere
559 2190 595 2245 et
620 2177 786 2266 potuisse,
804 2191 849 2244 ‘et
878 2175 1046 2267 voluisse,
1072 2202 1152 2250 nar·
1252 2187 1254 2191 ’

185 2292 296 2367 rando
316 2293 354 2367 iis
374 2290 521 2390 aliquid,
547 2296 715 2388 tanquam
739 2289 831 2363 inter
850 2289 925 2364 illos
942 2293 1150 2390 cognitum,

184 2419 283 2514 quod
307 2435 425 2489 tamen
444 2413 608 2507 non,nis1
625 2412 685 2484 diu
702 2411 844 2508 postea,
864 2404 1063 2507 accidisset,
1077 2415 1152 2507 jam

182 2563 270 2613 vero
296 2539 443 2612 Berosus
467 2535 666 2609 Historicus
686 2533 777 2606 circa
794 2543 927 2606 annum
943 2551 1024 2606 ante
1038 2535 1151 2610 Ctum

188 2679 258 2750 300
311 2645 497 2749 inclaruit,
543 2658 638 2729 unde
670 2656 845 2752 'sequitur
892 2658 1151 2730 Astronomum

90 2781 95 2789 ’
187 2795 348 2851 nostrum
391 2795 462 2849 200
501 2773 576 2848 fere
611 2775 707 2849 annis
745 2792 846 2854 antea
883 2780 1037 2852 Graecos
1068 2777 1151 2852 artis

63 2954 72 2970 .
139 2931 141 2936 ·
187 2895 426 2975 Gnomonices
458 2895 553 2970 initia
575 2896 741 2973 docuisse.
791 2890 858 2973 His
882 2912 1064 2995 praeterea
1088 2898 1153 2972 alia

187 3018 357 3093 accedunt
383 3034 612 3115 argumenta,
631 3041 721 3115 quae
743 3032 862 3092 tamen
886 3018 944 3090 hic
966 3032 1152 3111 praetereo

187 3142 239 3217 uti
263 3158 299 3216 et
323 3143 510 3242 pleraque,
544 3153 634 3236 quae
670 3137 740 3212 huc
772 3137 978 3237 pertinent,
1018 3138 1153 3235 quippe

188 3261 332 3356 egregie
362 3263 511 3336 tractata
541 3284 561 3333 a
585 3258 734 3335 Martini
758 3257 794 3330 in
817 3258 1057 3335 dissertatione
1080 3264 1153 3335 sae-

187 3380 268 3477 pius
297 3381 441 3455 laudata.
497 3381 600 3456 Licet
638 3368 756 3479 ita'que
794 3380 954 3478 constet,
997 3385 1154 3456 Horolo·

188 3502 288 3599 gium
313 3499 566 3574 Sciothericum
580 3500 720 3576 Graecis
742 3524 831 3574 armo
855 3523 927 3595 450
941 3517 1021 3576 ante
1036 3503 1148 3579 Ctum

81 3619 84 3623 ’
183 3625 258 3715 jam
300 3623 483 3722 cognitum
515 3622 644 3718 fuisse,
689 3622 880 3697 accuratius
920 3637 1039 3697 tamen
1078 3627 1149 3700 hoc

191 3759 332 3844 tempus
357 3744 582 3823 determinari
612 3771 683 3821 non
718 3763 855 3845 potest,
878 3745 977 3820 nobis
1006 3746 1151 3825 sufficiat

189 3856 282 3942 ¹hanc
303 3872 474 3964 epocham
493 3867 630 3941 circiter
645 3887 716 3955 500
737 3883 817 3938 ante
836 3865 1016 3940 Christum
1029 3885 1152 3944 natum

191 3989 248 4067 uel
266 4009 357 4064 anno
377 4004 449 4077 250
468 3987 519 4086 ab,
534 3986 634 4060 Urbe
656 3984 795 4077 condita
816 3986 1038 4066 constituisse.

1059 4105 1090 4204 §.
1116 4125 1149 4184 2.
