2902 5160
661 406 830 500 tart·

126 661 132 695 Α,
238 618 311 695 que
332 594 542 694 Babylonius
558 593 634 695 ille,
651 597 784 696 dequo
801 597 1008 700 Herodotus
1023 599 1199 698 loquitur,

237 715 335 790 idem
368 711 457 809 fuit,
491 740 600 814 quem
632 717 780 792 intendit
809 719 1013 794 Vitruvius:
1047 723 1088 792 In
1112 721 1229 825 hac„

238 862 347 937 quam
377 770 601 951 tradtunus3
616 842 762 916 materia
786 841 1103 959 magur-momenti
1127 857 1201 935 est,

161 950 164 955 ⁴
236 958 399 1054 novisse,
429 958 571 1055 quinam
586 939 651 1035 ille
676 959 781 1048 fuerit
805 940 976 1054 Berosus,
1002 976 1037 1033 et
1056 946 1204 1058 quando

237 1078 387 1172 vixerit,
409 1081 519 1150 abeo
543 1079 639 1152 enim
663 1078 819 1154 Historia
844 1082 1086 1173 Solariqrum
1077 1108 1113 1155 m
1138 1085 1208 1158 Oc-

237 1200 378 1285 sidente
409 1184 551 1292 incipit3
576 1193 722 1271 Salmas
726 1224 765 1271 us
801 1194 937 1295 aliique
945 1201 1024 1273 viri
1053 1205 1204 1294 eruditi,

238 1318 409 1395 Berosum
434 1316 615 1390 auuorem
639 1316 882 1390 solariorum
873 1343 909 1391 m
925 1321 1094 1414 Graecia,
1121 1346 1205 1420 eun-

237 1440 322 1514 dem
347 1433 481 1512 fuisse
474 1435 627 1533 putant,
668 1435 714 1508 de
751 1436 823 1547 quo
865 1438 1091 1517 mentionem
1121 1442 1205 1518 fecit
1350 1504 1352 1515 .

238 1561 410 1660 Josephus
447 1561 541 1658 (39)3
576 1558 666 1635 vixit
706 1558 765 1634 hic
807 1568 972 1660 tempore
1014 1564 1221 1639 Alexandri
1349 1544 1351 1549 ’

238 1682 448 1760 Macedonis
473 1681 563 1755 circ'a
588 1689 717 1769 annum
743 1700 813 1774 300
831 1692 918 1758 'ante
941 1683 1123 1759 Christum
1148 1711 1209 1760 na-

239 1821 339 1896 tum,
356 1804 462 1878 Urbis
486 1803 648 1877 conditae
672 1822 767 1894 450,
794 1802 863 1874 fuit
885 1788 961 1876 Beli
987 1808 1152 1877 Sacerdos
1170 1789 1224 1880 ln*

239 1925 330 1999 urbe
367 1910 571 2047 Babylone‘3
597 1921 736 2011 itidem
766 1908 1083 2018 Historiographus
1107 1944 1221 2020 prae·

239 2050 370 2140 clarus,
393 2033 465 2139 ejus
488 2064 580 2116 veru
594 2032 754 2116 doctrina
776 2028 1025 2118 Astronomica
1042 2045 1098 2115 vel
1114 2033 1209 2139 Phy-
1215 2059 1240 2122 ’.

240 2171 310 2244 tica
345 2101 467 2239 riullibi
497 2126 677 2257 laudatum
702 2169 753 2241 At
779 2152 938 2240 audtores
961 2165 1094 2264 antiqui
1120 2190 1208 2262 quo-

242 2284 324 2394 que'
345 2284 516 2364 Berosum
549 2276 741 2382 quemdam
753 2340 765 2378 5
792 2289 980 2384 egregium
1005 2287 1210 2361 Mathema-
1273 2267 1281 2281 ⁴

240 2415 353 2489 ticum
368 2426 405 2481 et
421 2403 680 2479 Astroir'omum
696 2405 855 2495 laudant,
873 2402 980 2500 quem
994 2407 1123 2477 Plinius
1133 2413 1209 2497 (40)

240 2530 368 2608 multas
398 2523 654 2599 Chaldaeorum
690 2543 755 2616 per
778 2523 872 2594 varia
898 2522 1016 2595 <secula
1047 2526 1212 2597 observa·

240 2658 356 2747 tiones
395 2643 572 2742 collegisse
608 2639 676 2733 ait,
716 2639 843 2739 cuique
859 2722 863 2729 ,
881 2645 1112 2721 Athenienses
1143 2646 1208 2720 sta-

183 2749 189 2771 x
242 2750 368 2867 main,
402 2774 478 2863 (41)
512 2790 616 2840 aurea
648 2764 768 2862 lingua
790 2783 972 2860 ornatam,
999 2782 1207 2859 erexerunt,

243 2895 368 2991 etqui
392 2893 428 2963 in
452 2885 559 2959 insula
581 2889 658 2960 Coa
681 2887 850 2983 habitasse
875 2888 991 2960 fertur
1005 2892 1210 2979 (42):Haee

242 3038 330 3092 vero
363 3006 581 3102 testimonia,
615 3031 686 3080 non
710 3029 820 3079 unum
845 3006 1124 3103 eundemque
1091 3032 1207 3079 virum

246 3138 426 3245 spoliare,
448 3129 535 3203 mihi
560 3128 759 3224 persuasum
786 3144 857 3219 est3
873 3127 1011 3200 alium
1002 3144 1120 3226 itaque
1146 3131 1210 3201 Be-

245 3264 365 3345 rosum
399 3260 436 3330 H
438 3230 760 3345 istoriographum,
795 3250 902 3324 alium
920 3250 1010 3357 vero
1036 3255 1208 3326 Astro-no

158 3360 160 3364 ⁵
245 3407 347 3460 mum
372 3373 498 3468 fuisse,
523 3370 602 3448 satis
627 3387 766 3455 certum
783 3371 869 3449 mihi
890 3342 1030 3450 videtur
1038 3364 1230 3504 ,quando

1132 3491 1209 3592 qui-

283 3665 356 3745 (39)
375 3661 510 3739 Josephus
538 3657 646 3718 Contra
665 3654 791 3734 Appion.
820 3654 963 3720 Tom'II.
989 3654 1064 3718 Edit.
1084 3653 1207 3714 I-Iaverc.

377 3862 448 3923 Plin.
463 3805 541 3921 m
562 3860 631 3926 Nat.
653 3856 700 3920 lib.
721 3880 745 3938 7.
767 3860 837 3936 Cap.
858 3864 902 3936 56.

376 3964 447 4022 Plin.
461 3960 507 4018 H.
526 3960 567 4021 N.
586 3961 633 4019 lib.
653 3962 725 4021 laud.
745 3961 814 4038 Cap.
836 3979 880 4040 37.

378 4062 705 4168 Vitruvius-hachac&
725 4063 773 4124 lib.
794 4063 820 4121 8.
842 4059 911 4138 Cap.
932 4081 951 4140 4
968 4073 996 4123 et
1015 4080 1042 4135 7.
1082 4056 1088 4063 '
