2902 5160
603 379 779 473 ⁴(10)

236 592 338 649 mum
369 569 439 649 diei
463 573 536 666 (2),
571 571 629 643 vel
658 570 831 653 maximus
853 567 932 646 'diei
955 573 1076 667 calor,
1111 568 1197 646 item

237 690 432 783 Meridies,
471 676 620 786 spatium
652 687 760 764 inter
791 704 924 766 ortum
964 709 1000 767 et
1038 696 1201 767 occasum

239 812 382 909 solis,
374 838 410 886 ιιι
443 810 527 885 duas
560 825 677 923 partes
707 809 829 887 dividit
862 818 925 907 (3).
972 813 1091 891 Tres
1083 831 1203 917 neque

237 932 306 1008 diei
331 929 586 1031 antiquissimae
611 929 755 1008 fuerunt
779 912 986 1044 divifiones,
1006 934 1200 1033 Meridies,

239 1056 499 1145 Metuainum,
508 1069 556 1128 et
553 1053 816 1151 vespertinum
832 1072 1002 1150 tempus,
1029 1076 1096 1128 nec
1120 1078 1203 1131 con·

236 1177 302 1251 stat
334 1174 504 1247 homines-
520 1197 595 1268 ·.per
617 1177 742 1247 inulta
780 1173 1001 1262 secula-sosia
1033 1175 1203 1250 divisione

237 1295 316 1370 usos
341 1292 529 1386 fuissejin
553 1289 716 1365 omnibus
740 1290 861 1365 saltem
887 1292 970 1367 Vet
978 1291 1203 1369 Testamenti

192 1432 199 1443 '
237 1412 365 1507 libris,
400 1411 549 1506 spatium
582 1411 662 1487 licet
692 1413 813 1487 XXX.
846 1397 1041 1508 seculorum
1068 1429 1104 1487 et
1129 1438 1203 1487 am-

240 1535 330 1632 plius
361 1526 645 1629 ωιιῐίιιειιϊίὶιιις,
672 1533 725 1608 de
754 1532 853 1608 nullis
865 1515 948 1609 diis
970 1534 1040 1611 diei
1063 1534 1202 1647 divifio-

234 1694 237 1699 .
866 1676 870 1686 ·
1074 1696 1078 1702 ,
1153 1654 1204 1730 ni„

237 1836 244 1850 ’
278 1835 333 1925 (n)
356 1865 368 1904 1
390 1832 466 1903 Mos.
488 1863 532 1919 29.
547 1800 674 1920 7.'Cap.
699 1842 739 1902 18.
764 1861 786 1901 1.
815 1794 923 1902 oSam.
943 1861 969 1920 4.
991 1861 1017 1918 5.

235 1931 238 1937 ’
259 1946 332 2022 ’(3)
353 1943 591 2020 Antiquissimum
604 1961 712 2004 nomen
727 1943 863 2001 Meridici
879 1961 969 2009 o'aun
986 1942 1057 2001 suit:
1077 1942 1203 2015 vocabu}
1247 1941 1249 1944 ’

238 2048 303 2106 sum
323 2048 397 2119 hoe,
417 2046 459 2104 uti
478 2059 555 2104 nunc
575 2046 628 2118 est,
645 2047 745 2119 procul
763 2036 853 2104 dubio
869 2055 899 2102 ct
914 2032 983 2105 oiim
1003 2041 1056 2101 fuit
1076 2057 1112 2102 ex
1127 2045 1204 2103 duali

232 2164 368 2225 genere,
391 2149 469 2207 unde
486 2144 728 2207 denominationis
747 2143 827 2220 origo
845 2128 1001 2217 patet,·est
1019 2145 1098 2205 enirn
1117 2126 1206 2206 meri-

233 2251 326 2330 dies,
351 2265 463 2325 tempus
492 2266 550 2335 quo
570 2246 690 2321 diesin
708 2246 779 2305 duas
804 2259 897 2318 partes
924 2247 1081 2320 dividitur,
1106 2249 1206 2324 opinot

244 2363 356 2424 tamen,
376 2346 502 2407 meridiei
521 2361 650 2416 nomen,
669 2359 728 2402 non
747 2342 825 2416 prius
843 2342 937 2418 fuisse,
948 2361 1013 2420 prae
1023 2349 1108 2405 altera
1117 2351 1208 2411 deno

243 2444 401 2510 minatione
426 2440 482 2506 dici
497 2446 639 2516 summae,
665 2444 785 2501 maximi
808 2442 906 2505 caloris
929 2444 1002 2516 dici,
1028 2447 1205 2529 verisimilius

238 2539 341 2608 autem
360 2561 422 2622 est,
442 2545 570 2606 homines
584 2539 768 2618 adscensum,
787 2555 816 2602 et
834 2540 998 2602 descensum
1018 2541 1092 2618 solis,
1110 2558 1140 2603 et
1160 2547 1206 2608 in-

236 2626 422 2707 crementum
443 2647 486 2703 vel
504 2645 719 2706 decrementum
738 2644 829 2718 lucis,
848 2657 876 2702 ct
895 2644 993 2704 caloris
1013 2646 1039 2706 ei
1056 2648 1206 2723 juns'tum,

239 2750 299 2824 jam
328 2746 579 2819 animadvertisse,
604 2749 770 2824 priusquam
796 2747 961 2807 altissimum
986 2747 1048 2808 solis
1074 2750 1105 2808 in
1124 2751 1208 2810 coelis

243 2848 361 2917 locum,
387 2847 518 2921 inedium
541 2847 619 2905 inter
647 2848 707 2918 ejus
736 2862 851 2920 ortum,
877 2863 906 2908 et
933 2847 1089 2921 occasum,
1108 2851 1207 2922 depre-

242 2945 429 3018 hendissent,
456 2945 523 3002 lrioc
543 2958 656 3019 quoque
674 2944 794 3019 petenda
811 2944 1016 3018 mihividetur
1035 2946 1128 3019 rati0,
1156 2963 1208 3027 cur

243 3065 262 3110 o
282 3026 356 3110 sam.
374 3064 409 3124 4:
431 3064 478 3121 5.,
496 3043 546 3103 ubi
563 3043 689 3122 primum
709 3061 818 3107 nunt
833 3045 968 3120 occurrit,
983 3041 1009 3103 ei
1025 3045 1208 3122 adiungatur,

238 3164 312 3209 ¹curn
332 3149 391 3207 dies
407 3147 519 3205 summa
539 3140 619 3200 essc't.
659 3143 795 3217 Caetera,
816 3145 885 3203 iicet'
897 3140 981 3205 hodie
999 3147 1105 3209 nullam
1121 3136 1206 3206 asiani

240 3252 410 3311 einnonem
428 3247 503 3321 aret,
523 3262 572 3321 per
592 3245 681 3303 muita
697 3243 792 3309 ,secus
812 3244 1030 3306 eunomianus
1050 3228 1207 3309 ausimum

245 3348 472 3428 cognoscamus,
492 3347 685 3420 indetamen,
700 3360 993 3422 nequaquamnegare
1012 3350 1123 3424 audeo,
1143 3354 1208 3411 esni

244 3467 343 3513 revera
361 3465 423 3510 non
441 3444 610 3520 obtinuisse,
629 3445 777 3509 Societatis
795 3432 873 3505 enirn
892 3447 1034 3509 humanae
1050 3448 1160 3510 indoles
1178 3442 1208 3509 id

217 3517 380 3633 'postauam
400 3548 529 3621 videtur,
554 3560 583 3606 et
606 3547 738 3624 quamvis
761 3545 887 3622 diluvia,
914 3547 1065 3624 incendia,
1091 3562 1120 3610 et
1138 3552 1208 3612 bena

243 3647 340 3708 multis
356 3636 549 3739 monumentis
555 3636 615 3706 nos
630 3645 821 3722 privaverint,
830 3661 867 3705 ex
880 3647 982 3724 quibus
998 3664 1068 3711 artes
1077 3666 1107 3712 et
1117 3650 1208 3714 scien-
1256 3679 1262 3689 ’

242 3738 296 3807 tiis
314 3732 453 3809 veterion
480 3745 648 3826 cognoscere
669 3744 891 3822 potuissemus,
928 3744 1077 3825 supersunt
1109 3768 1207 3814 tamen

241 3854 368 3924 maim,
385 3851 579 3926 quamtumvis
597 3860 746 3923 corruptae
762 3847 946 3909 etmutilatae
954 3853 1208 3934 ,traditiones,et

241 3952 377 4034 nonntdsa
395 3950 520 4028 indicia,
539 3951 695 4028 exquibus
713 3949 780 4012 talia
799 3949 928 4045 colligere¹
945 3952 1020 4037 licet
1083 4000 1086 4005 .
1162 4018 1169 4037 Ι
